% Contents in an article
    %author    = "",
    %title     = "",
    %journal   = "",
    %volume   = "",
    %number   = "",
    %pages    = "",
    %year      = "XXXX",
    %month    = "",
    %note     = "",

% Number 6
@Misc{hansen2011,
  author =       {Hansen, Nikolaus},
  title =        {The {CMA} Evolution Strategy: {A} Tutorial},
  year =         {2015},
  howpublished = {\url{https://www.lri.fr/~hansen/cmatutorial.pdf}},
  note = {Accessed: 2016-03-20}
}

@Article{scherrer2015,
  author = {Scherrer, Bruno},
  title  = {Approximate Modified Policy Iteration and its Applicatiioin to the Game of Tetris},
  year = {2015},
  journal = {Journal of Machine Learning Research 16 (2015) 1629-1676}
 }
  
@Article{igel:06b,
	author =			 {C. Igel and N. Hansen and S. Roth},
	title =				 {Covariance Matrix Adaptation for Multi-objective
                  Optimization},
	journal =			 {Evolutionary Computation},
	year =				 2007,
	volume =			 15,
	number =			 1,
	pages =				 {1-28}
}
@Article{bringmann:13,
  author = 	 {Karl Bringmann and Tobias Friedrich  and Christian Igel and Thomas Vo{\ss}.},
  title = 	 {Speeding Up Many-Objective Optimization by {Monte Carlo} Approximations},
  journal = 	 {Artificial Intelligence},
  year = 	 {2013},
  OPTkey = 	 {},
  volume = 	 {204},
  OPTnumber = 	 {},
  pages = 	 {22-29},
  OPTmonth = 	 {},
  OPTnote = 	 {},
  OPTannote = 	 {}
}


@Article{hansen:01,
  author =       {N. Hansen and A. Ostermeier},
  title =        {Completely Derandomized Self-Adaptation in Evolution
                  Strategies},
  journal =      {Evolutionary Computation},
  year =         2001,
  volume =       9,
  number =       2,
  pages =        {159-195},
}

@article{beyer:07,
  author =       {H.-G. Beyer},
  title =        {Evolution strategies},
  journal =      {Scholarpedia},
  pages =        1965,
  year =         2007,
  volume =       2,
  number =       8
}

@Article{heidrich-meisner:09,
        author =                         {V. Heidrich-Meisner and C. Igel},
        title =                          {Neuroevolution Strategies for Episodic Reinforcement
                  Learning},
        journal =                        {Journal of Algorithms},
        year =                           2009,
        volume =                         64,
        number =                         4,
        pages =                          {152-168},
}


@article{suttorp2009GeneralUpdate,
  title={Efficient covariance matrix update for variable metric evolution strategies},
  author={Suttorp, Thorsten and Hansen, Nikolaus and Igel, Christian},
  journal={Machine Learning},
  volume={75},
  number={2},
  pages={167--197},
  year={2009},
  publisher={Springer}
}

@Article{igel:08b,
        author = {Christian Igel and Verena Heidrich-Meisner and Tobias Glasmachers},
        title = {Shark},
        journal = {Journal of Machine Learning Research},
        year = 2008,
        volume = 9,
        pages = {993--996}
}


@Misc{ollivier2011,
  owpublished = {arXiv preprint},
  year = 	 {2011},
  author = 	 {Ollivier, Yann and Arnold, Ludovic and Auger, Anne and Hansen, Nikolaus},
  title = 	 {Information-geometric optimization algorithms: {A} unifying picture via invariance principles},
  number = 	 {arXiv:1106.3708},
  OPTaddress = 	 {},
  OPTmonth = 	 {},
  OPTnote = 	 {},
  OPTannote = 	 {}
}

@InBook{doya:00,
  author = 	 {Kenji Doya and Terrence J. Sejnowski},
  title = 	 {A Computational Model of Avian Song Learning},
  booktitle={The new cognitive neurosciences},
  pages={469-482},
  year={2000},
chapter = 33,
  publisher={MIT Press}
}

@article{bhatnagar2009natural,
  title={Natural actor--critic algorithms},
  author={Bhatnagar, Shalabh and Sutton, Richard S and Ghavamzadeh, Mohammad and Lee, Mark},
  journal={Automatica},
  volume={45},
  number={11},
  pages={2471--2482},
  year={2009},
}

@Article{peters:08,
	author = 			 {Peters, J. and S. Schaal},
	title = 			 {Natural Actor-Critic},
	journal = 		 {Neurocomputing},
	year = 				 {2008},
	OPTkey = 			 {},
	volume = 	 {71},
	number = 	 {7-9},
	pages = 		 {1180-1190},
	OPTmonth = 		 {},
	OPTnote = 		 {},
	OPTannote = 	 {}
}





@Article{littman:15,
  author = 	 {M. L. Littman},
  title = 	 {Reinforcement learning improves behaviour from evaluative feedback},
  journal = 	 {Nature},
  year = 	 2015,
  volume = 	 521,
  pages = 	 {445-451}}


@Article{eiben:15,
  author = 	 {A. E. Eiben and Jim Smith},
  title = 	 {From evolutionary computation to the evolution of things},
  journal =   {Nature},
  year = 	 2015,
  volume = 	 521,
  pages = 	 {476-482}}



@article{thiery:09,
  title = 	 {Improvements on Learning Tetris with Cross Entropy},
  author = 	 {C. Thiery and B. Scherrer},
  journal = {International Computer Games Association Journal},
  year = 	 2009,
  number =    "1",
  pages =     "23--33",
  volume = 	 32}


@article{szita:06,
  title={Learning Tetris using the noisy cross-entropy method},
  author={Szita, Istv{\'a}n and L{\"o}rincz, Andr{\'a}s},
  journal={Neural Computation},
  volume={18},
  number={12},
  pages={2936--2941},
  year={2006},
  publisher={MIT Press}
}

% Number 12?
@article{deboer:05,
  title={A tutorial on the cross-entropy method},
  author={De Boer, P.-T. and Kroese, D. P. and Mannor, S. and Rubinstein, R. Y.},
  journal={Annals of operations research},
  volume={134},
  number={1},
  pages={19--67},
  year={2005}
}
@PhdThesis{damgaard:15,
  author = 	 {J. V. Damgaard},
  title = 	 {Elitist Covariance Matrix Adaptation Evolution Strategy for Reinforcement Learning},
  school = 	 {Department of Computer Science, University of Copenhagen},
  year = 	 2015,
  type = 	 {Bachelor’s thesis}}
  
% Number 12?
@article{cetut2014,
  author = 	 {Pieter-Tjerk {De Boer} and Dirk P. Kroese and Shie Mannor and Reuven Y. Rubenstein},
  title = 	 {A Tutorial on the Cross-Entropy Method},
  journal =  {Springer Science},
  year = 	 2014,
  volume = 	 521,
  pages = 	 {20-67}
}
  
  
% Number 11
@article{mdptetris,
author = {MDPTetris},
title = {mdptetris},
year = {2009},
url = {\url{http://mdptetris.gforge.inria.fr/doc/index.html}},
pages = {},
journal = {None},
volume = {}
}

@article{scherrer2009,
  author = 	 {C. Thiery; B. Scherrer},
  title = 	 {Improvements on Learning Tetris with Cross Entropy.},
  journal =  {International Computer Games Association Journal, },
  year = 	 2009,
  volume = 	 32,
  pages = 	 {23-33}
}


@article{scherrer2009:b,
  author = 	 {C. Thiery; B. Scherrer},
  title = 	 {Building Controllers for Tetris},
  journal =  {International Computer Games Association Journal},
  year = 	 2009,
  volume = 	 32,
  pages = 	 {3-11}
}



@article{boumaza2011:a,
  author = 	 {Amine Boumaza},
  title = 	 {Reducing the Learning Time in Evolution Strategies},
  journal =  {in the proceedings of the artificial Evolution Conference (EA11)},
  year = 	 2011,
  volume = 	 ??,
  pages = 	 {1-10}
}

% Number 3
% Google Scholar
% https://scholar.google.dk/scholar?cluster=15809347775137420334&hl=da&as_sdt=0,5
  %author = 	 {Amine Boumaza},
  %title = 	 {Designing Artificial {T}etris Players with Evolution Strategies and Racing},
  %journal =  {Proceedings of the 13th Annual Conference Companion on Genetic and Evolutionary Computation (GECCO)},
  %year = 	 2011,
  %OPTvolume = 	 5,
  %pages = 	 {1-5},
  %publisher = {},
  %editor = {},
  
@inproceedings{boumaza2011:b,
  title={Designing artificial {T}etris players with evolution strategies and racing},
  author={Amine Boumaza},
  booktitle={Proceedings of the 13th annual conference companion on Genetic and evolutionary computation},
  pages={117--118},
  year={2011},
  organization={ACM}
}


% Number 2 - corrected
% Google scholar:
% https://scholar.google.dk/scholar?cluster=10897114621702492883&hl=da&as_sdt=0,5
  %author  = {Amine Boumaza},
  %title   = {On the evolution of artificial {T}etris players},
  %journal = {HAL},
  %year    = {2009},
  %volume  = {14},
  %pages   = {1-14},
  %month   = {8},
  
@inproceedings{boumaza2009,
  title={On the evolution of artificial {T}etris players},
  author={Amine Boumaza},
  booktitle={{IEEE} {S}ymposium on {C}omputational {I}ntelligence and {G}ames. CIG 2009.},
  pages={387--393},
  year={2009},
  organization={IEEE}
}


@Article{shark08,
  author  = {C. Igel and V. Heidrich-Meisner and T. Glasmachers},
  title   = {Shark},
  journal = {Journal of Machine Learning Research},
  year    = {2008},
  volume  = {9},
  pages   = {993-996}
}

% Number 5
@misc{fahey,
  title = {Tetris {AI}},
  author = {Colin Fahey},
  howpublished = {\url{http://www.colinfahey.com/tetris/}},
  note = {Accessed: 2016-01-15},
  year = {2003}
}

% Number 1
% google scholar:
% https://scholar.google.dk/scholar?cluster=14217961705371635673&hl=da&as_sdt=0,5
  %author = 	 {Dimitri P. Bertsekas and J. Tsitsiklis},
  %title = 	 {Neuro-Dynamic Programming},
  %journal =  {Athena Scientific},
  %year = 	 1996
@inproceedings{Bertsekas,
  title={Neuro-dynamic programming: an overview},
  author={Dimitri P. Bertsekas and John N. Tsitsiklis},
  booktitle={Decision and Control, 1995., Proceedings of the 34th IEEE Conference on},
  volume={1},
  pages={560--564},
  year={1995},
  organization={IEEE}
}

% Number 4
% Google Scholar
% https://scholar.google.dk/scholar?cluster=1330054961094281982&hl=da&as_sdt=0,5
@article{Carr,
  author = {Carr. Donald},
  title  = {Applying reinforcement learning to {T}etris},
  journal= {Department of Computer Science Rhodes University Grahamstown 6139,South Africa},
  year   = {2005}
}
  
  

@article{Csaba,
  author = {Csaba. Szepesvári},
  title  = {Algorithms for Reinforcement Learning},
  journal= {Draft of the lecture published in the
Synthesis Lectures on Artificial Intelligence and Machine Learning},
  year   = {2009}
}

% Number 7
% Not sure how to quote?
% https://scholar.google.dk/scholar?cluster=5920403801438582534&hl=da&as_sdt=0,5
@book{hansen2004,
  author = {N. Hansen and S. Kern},
  title = {Parallel {P}roblem {S}olving from {N}ature - {PPSN} {VIII}},
  note  = {Evaluating the {CMA} {E}volution {S}trategy on {M}ultimodal {T}est {F}unctions},
  year   = {2004},
  publisher = {Springer Berlin Heidelberg}
}


@InProceedings{igel:03d,
        author =                         {C. Igel},
        title =                          {Neuroevolution for Reinforcement Learning Using
                  Evolution Strategies},
        booktitle =              {Congress on Evolutionary Computation (CEC 2003)},
        pages =                          {2588-2595},
        year =                           2003,
        editor =                         {R. Sarker and R. Reynolds and H. Abbass and
                  K. C. Tan and B. McKay and D. Essam and T. Gedeon},
        volume =                         4,
        publisher =              {IEEE Press}
}

@Article{heidrich-meisner:09,
        author =                         {V. Heidrich-Meisner and C. Igel},
        title =                          {Neuroevolution Strategies for Episodic Reinforcement
                  Learning},
        journal =                        {Journal of Algorithms},
        year =                           2009,
        volume =                         64,
        number =                         4,
        pages =                          {152-168},
        note = STAR,
}


@article{hansen:2009,
	title={{A Method for Handling Uncertainty in Evolutionary Optimization with an Application to Feedback Control of Combustion}},
	author={Hansen, N. and Niederberger, S.~P.~N. and Guzzella, L. and Koumoutsakos, P.},
	journal={IEEE Transactions on Evolutionary Computation},
	publisher={IEEE},
	volume={13},
	number={1},
	pages={180--197},
	year={2009},
}


@InProceedings{heidrich-meisner:09c,
        author =                         {V. Heidrich-Meisner and C. Igel},
        title =                          {Hoeffding and {B}ernstein Races for Selecting
                  Policies in Evolutionary Direct Policy Search},
        booktitle =              {Proceedings of the 26$^\text{th}$ International
                  Conference on Machine Learning (ICML 2009)},
        year =                           2009,
        pages =                          {401-408},
        editor =                         {L. Bottou and M. Littman},
}


